@INPROCEEDINGS{ADIOS:Lofstead:ipdps09,
    author={Lofstead, Jay and Zheng, Fang and Klasky, Scott and Schwan, Karsten},
    booktitle={Parallel Distributed Processing, 2009. IPDPS 2009. IEEE International Symposium on},
    title={Adaptable, metadata rich IO methods for portable high performance IO},
    year={2009},
    month={may},
    volume={},
    number={},
    pages={1 -10},
    keywords={API library;BP file format;HDF-5;HPC machines;IO libraries;MPI-IO;NetCDF;POSIX IO;adaptable IO system;data analysis;data characterization;delayed parallel data consistency;file consistency;metadata server;petascale machines;scaling issues;scientific codes;application program interfaces;data analysis;software libraries;},
    doi={10.1109/IPDPS.2009.5161052},
    ISSN={1530-2075},
}

@inproceedings{ADIOS:Lofstead:hpdc11,
 author = {Lofstead, Jay and Polte, Milo and Gibson, Garth and Klasky, Scott and Schwan, Karsten and Oldfield, Ron and Wolf, Matthew and Liu, Qing},
 title = {Six degrees of scientific data: reading patterns for extreme scale science {IO}},
 booktitle = {Proceedings of the 20th international symposium on High performance distributed computing},
 series = {HPDC '11},
 year = {2011},
 isbn = {978-1-4503-0552-5},
 location = {San Jose, California, USA},
 pages = {49--60},
 numpages = {12},
 url = {http://doi.acm.org/10.1145/1996130.1996139},
 doi = {http://doi.acm.org/10.1145/1996130.1996139},
 acmid = {1996139},
 publisher = {ACM},
 address = {New York, NY, USA},
 keywords = {adios, analysis, hdf5, log-based, logically contiguous, netcdf, pnetcdf, visualization},
} 


@inproceedings{ADIOS:seismography:carrington2008high,
  title={High-frequency simulations of global seismic wave propagation using SPECFEM3D\_GLOBE on 62K processors},
  author={Carrington, Laura and Komatitsch, Dimitri and Laurenzano, Michael and Tikir, Mustafa M and Mich{\'e}a, David and Le Goff, Nicolas and Snavely, Allan and Tromp, Jeroen},
  booktitle={Proceedings of the 2008 ACM/IEEE conference on Supercomputing},
  pages={60},
  year={2008},
  organization={IEEE Press}
}

@article{ADIOS:seismography:tromp2008spectral,
  title={Spectral-element and adjoint methods in seismology},
  author={Tromp, Jeroen and Komatitsch, Dimitri and Liu, Qinya},
  journal={Communications in Computational Physics},
  volume={3},
  number={1},
  pages={1--32},
  year={2008}
}

@INPROCEEDINGS{ADIOS:Docan:ccgrid10,
    author  = {Ciprian Docan and Fan Zhang and Manish Parashar and Julian Cummings and Norbert Podhorszki and Scott Klasky},
    title   = {{Experiments with memory-to-memory coupling for end-to-end 
                fusion simulation workflows}},
    booktitle = {10th IEEE/ACM International Symposium on Cluster, Cloud 
                  and Grid Computing (CCGridâ€™10)},
    pages   = {293-301},
    month   = {May},
    year    = {2010}
}

@INPROCEEDINGS{ADIOS:Docan:hpdc10,
    author  = {Ciprian Docan and Manish Parashar and Scott Klasky},
    title   = {{DataSpaces: An Interaction and Coordination Framework
                  for Coupled Simulation Workflows}},
    booktitle = {Proc. of 19th International Symposium on High Performance and
                  Distributed Computing (HPDC'10)},
    month   = {June},
    year    = {2010}
}

@book{ADIOS:Bethel-Childs-Hansen:HPV:2012,
  publisher = {CRC Press/Francis--Taylor Group},
  year = 2012,
  month = nov,
  title = {{High Performance Visualization---Enabling Extreme-Scale Scientific Insight}},
  editor = {E. Wes Bethel and Hank Childs and Charles Hansen},
  address = {Boca Raton, FL, USA},
  series = {Chapman \& Hall, CRC Computational Science},
  note = {\url{http://www.crcpress.com/product/isbn/9781439875728}},
  isbn=9781439875728,
}

@article{ADIOS:Chacon:2002,
    author = {Chac\'{o}n, Luis and Knoll, Dana A. and Finn, John M.},
    title = {An implicit, nonlinear reduced resistive MHD solver},
    journal = {J. Comput. Phys.},
    volume = {178},
    issue = {1},
    month = {May},
    year = {2002},
    issn = {0021-9991},
    pages = {15--36},
    numpages = {22},
    url = {http://dl.acm.org/citation.cfm?id=585342.585344},
    doi = {10.1006/jcph.2002.7015},
    acmid = {585344},
    publisher = {Academic Press Professional, Inc.},
    address = {San Diego, CA, USA},
    keywords = {Jacobian-free, Newton-Krylov, implicit differencing, multigrid, physics-based preconditioning, resistive MHD},
} 

@INPROCEEDINGS{ADIOS:Tchoua:cts12,
    author={Tchoua, Roselyne and Abbasi, Hasan and Klasky, Scott and Liu, Qing and Podhorszki, Norbert and Pugmire, Dave and Tian, Yuan and Wolf, Matthew},
    booktitle={2012 International Symposium on Collaborative Technologies and Systems (CTS)},
    title={Collaborative Monitoring and Visualization of HPC Data},
    year={2012},
    month={may},
    volume={},
    number={},
    pages={},
    keywords={Web based system;collaborative monitoring;complex science;large scale simulations;petascale computers;scientific discovery;simulation scientists analysis;groupware;},
    doi={},
    ISSN={},
}

@inproceedings{ADIOS:Schendel2012b,
    author        = {Eric Richard Schendel and Saurabh V. Pendse and John Jenkins and David A. Boyuka
                  and Zhenhuan Gong and Sriram Lakshminarasimhan and Qing Liu and Scott Klasky
                  and Robert Ross and Nagiza F. Samatova},
    booktitle     = {Proceedings of the 21st ACM Symposium on High-Performance Parallel and Distributed Computing (HPDC 2012)},
    title         = {{ISOBAR} Hybrid Compression-{I/O} Interleaving for Large-scale Parallel {I/O} Optimization},
    publisher     = {ACM},
    year          = {2012}
}

@article{ADIOS:Lakshminarasimhan2013a,
    author = {Sriram Lakshminarasimhan and Neil Shah and Stephane Ethier and Seung-Hoe Ku 
           and C. S. Chang and Scott Klasky and Rob Latham and Robert Ross and Nagiza F. Samatova},
    title = {ISABELA for effective in situ compression of scientific data},
    journal = {Concurrency and Computation: Practice and Experience},
    volume = {25},
    number = {4},
    issn = {1532-0634},
    url = {http://dx.doi.org/10.1002/cpe.2887},
    doi = {10.1002/cpe.2887},
    pages = {524--540},
    keywords = {lossy compression, B-spline, in situ processing, data-intensive application, high performance computing},
    year = {2013},
}


