@book{Snir:MPI,
 author = {Snir, Marc and Otto, Steve and Huss-Lederman, Steven and Walker, David and Dongarra, Jack},
 title = {MPI-The Complete Reference, Volume 1: The MPI Core},
 year = {1998},
 isbn = {0262692155},
 edition = {2nd. (Revised)},
 publisher = {MIT Press},
 address = {Cambridge, MA, USA},
} 

